
@electronic{Mesa,
author = "Project Mesa Team",
title = "Mesa: Agent-based modeling in Python 3+",
year = "2016",
url = "https://mesa.readthedocs.io/en/master/index.html"
}

@article{MAgent,
author = {Zheng, Lianmin and Yang, Jiacheng and Cai, Han and Zhang, Weinan and Wang, Jun and Yu, Yong},
year = {2017},
month = {12},
pages = {},
title = {MAgent: A Many-Agent Reinforcement Learning Platform for Artificial Collective Intelligence}
}

@Article{Routing:2016,
author="Rossi, Federico
and Zhang, Rick
and Hindy, Yousef
and Pavone, Marco",
title="Routing autonomous vehicles in congested transportation networks: structural properties and coordination algorithms",
journal="Autonomous Robots",
year="2018",
month="Oct",
day="01",
volume="42",
number="7",
pages="1427--1442",
issn="1573-7527",
doi="10.1007/s10514-018-9750-5",
url="https://doi.org/10.1007/s10514-018-9750-5"
}

