@inproceedings{el2010agent,
  author = "Samah El-Tantawy and Baher Abdulhai",
  title = "An Agent-Based Learning Towards Decentralized and Coordinated Traffic Signal Control",
  booktitle = "Intelligent Transportation Systems (ITSC), 2010 13th International IEEE Conference on",
  address = "Madeira Island, Portugal",
  pages = "665--670",
  month = sep,
  year = "2010",
  organization = "IEEE"
}

@inproceedings{wiering2000multi,
  author = "Marco Wiering",
  title = "Multi-Agent Reinforcement Learning for Traffic Light Control",
  booktitle = "Machine Learning: Proceedings of the Seventeenth International Conference (ICML'2000)",
  pages = "1151--1158",
  year = "2000"
}

@article{lu2014connected,
  author = "Ning Lu and Nan Cheng and Ning Zhang and Xuemin Shen and Jon W Mark",
  title = "Connected Vehicles: Solutions and Challenges",
  journal = "IEEE internet of things journal",
  volume = "1",
  number = "4",
  pages = "289--299",
  year = "2014",
  publisher = "IEEE"
}

@inproceedings{emery2005game,
  author = "Rosemary Emery-Montemerlo and Geoff Gordon and Jeff Schneider and Sebastian Thrun",
  title = "Game-Theoretic Control for Robot Teams",
  booktitle = "Robotics and Automation, 2005. ICRA 2005. Proceedings of the 2005 IEEE International Conference on",
  pages = "1163--1169",
  year = "2005",
  organization = "IEEE"
}

@electronic{tkinter,
  url = "https://docs.python.org/3/library/tkinter.html",
  month = nov,
  year = "2018",
  language = "Python"
}

@inproceedings{fnss,
  author = "Lorenzo Saino and Cosmin Cocora and George Pavlou",
  title = "A Toolchain for Simplifying Network Simulation Setup",
  booktitle = "Proceedings of the 6th International ICST Conference on Simulation Tools and Techniques",
  series = "SIMUTOOLS '13",
  year = "2013",
  location = "Cannes, France",
  numpages = "10",
  publisher = "ICST",
  address = "ICST, Brussels, Belgium, Belgium"
}

@electronic{javascript,
  author = "Wikipedia contributors",
  title = "JavaScript --- {Wikipedia}{,} The Free Encyclopedia",
  year = "2018",
  url = "https://en.wikipedia.org/wiki/JavaScript",
  note = "[Online; accessed 7-November-2018]"
}

@electronic{Mesa,
  author = "Project Mesa Team",
  title = "Mesa: Agent-based modeling in Python 3+",
  year = "2016",
  url = "https://mesa.readthedocs.io/en/master/index.html"
}

@article{MAgent,
  author = "Lianmin Zheng and Jiacheng Yang and Han Cai and Weinan Zhang and Jun Wang and Yong Yu",
  title = "MAgent: A Many-Agent Reinforcement Learning Platform for Artificial Collective Intelligence",
  pages = "",
  month = "12",
  year = "2017"
}

@article{Routing:2016,
  author = "Federico Rossi and Rick Zhang and Yousef Hindy and Marco Pavone",
  title = "Routing autonomous vehicles in congested transportation networks: structural properties and coordination algorithms",
  journal = "Autonomous Robots",
  day = "01",
  month = oct,
  year = "2018",
  volume = "42",
  number = "7",
  pages = "1427--1442",
  issn = "1573-7527",
  doi = "10.1007/s10514-018-9750-5",
  url = "https://doi.org/10.1007/s10514-018-9750-5"
}

@incollection{bast2016route,
  title = "Route planning in transportation networks",
  author = "Hannah Bast and Daniel Delling and Andrew Goldberg and Matthias MÃ¼ller-Hannemann and Thomas Pajor and Peter Sanders and Dorothea Wagner and Renato F Werneck",
  booktitle = "Algorithm engineering",
  pages = "19--80",
  year = "2016",
  publisher = "Springer"
}

@inproceedings{liu2017intelligent,
  title={Intelligent traffic light control using distributed multi-agent q learning},
  author={Liu, Ying and Liu, Lei and Chen, Wei-Peng},
  booktitle={2017 IEEE 20th International Conference on Intelligent Transportation Systems (ITSC)},
  pages={1--8},
  year={2017},
  organization={IEEE}
}
